@inproceedings{
    sundermeyer2021contact,
    title={Contact-graspnet: Efficient 6-dof grasp generation in cluttered scenes},
    author={Sundermeyer, Martin and Mousavian, Arsalan and Triebel, Rudolph and Fox, Dieter},
    booktitle={2021 IEEE International Conference on Robotics and Automation (ICRA)},
    pages={13438--13444},
    year={2021},
    organization={IEEE}
}

@inproceedings{
    kumra2020antipodal,
    title={Antipodal robotic grasping using generative residual convolutional neural network},
    author={Kumra, Sulabh and Joshi, Shirin and Sahin, Ferat},
    booktitle={2020 IEEE/RSJ International Conference on Intelligent Robots and Systems (IROS)},
    pages={9626--9633},
    year={2020},
    organization={IEEE}
}